@book{Aarseth,
	AUTHOR="Sverre J. Aarseth",
	TITLE="Gravitional N-Body Simulations. Tools and Algorithms 1 edition",
	PUBLISHER="Cambridge University Press",
	YEAR="2003",
}

@manual{Cuda,
	AUTHOR="NVIDIA Corporation",
	TITLE="CUDA C Programming Guide",
	EDITION="v9.1.85, 2018",
	URL="http://docs.nvidia.com/cuda/cuda-c-programming-guide/index.html",
	URLDATE = {2018-03-05},
}

@manual{runtimeApi,
		AUTHOR="NVIDIA Corporation",
		TITLE="NVIDIA CUDA Runtime API",
		EDITION="v9.1.85, 2018",
		URL="http://docs.nvidia.com/cuda/cuda-runtime-api/index.html",
		URLDATE="2018-03-05"
}

@article{helsinkiSeminar,
    author  = "Tancred Lindholm",
    title   = "Seminar presentation. N-body algorithms",
    year    = "1999",
    journal = "University of Helsinki",
}

@inbook{fastNbody,
	author	= "Lars Nyland, Mark Harris, Jan Prins",
	title	= "GPU Gems 3",
	chapter	= "Fast N-Body Simulation with CUDA. Chapter 31",
	pages	= "677--694",
	year	= "2007",
}

@manual{opengl,
	AUTHOR="Khronos Group",
	TITLE="OpenGL API, OpenGL Shading Lanugage and GLX Specifications",
	EDITION="OpenGL 4.6",
	YEAR="2017",
	URL="https://www.khronos.org/registry/OpenGL/index_gl.php",
	URLDATE="2017-07-30",
}

@inbook{barneshut,
	author	= "Martin Burtscher, Keshav Pingali",
	title	= "GPU Computing Gems Emerald Edition",
	chapter	= "An Efficient CUDA Implementation of the Tree-Based Barnes HUT N-Body Algorithm. Chapter 6",
	pages	= "75--92",
	publisher= "NVIDIA Corporation, Wen-mei W. Hwu",
	year	= "2011",
}
